@online{mc-veigh-2016,
  title   = {The architecture of the League Client update},
  url     = {https://technology.riotgames.com/news/architecture-league-client-update},
  journal = {Riot Games Tech},
  author  = {McVeigh, Posted by Andrew},
  year    = {2016},
  month   = {5}
}

@online{pupix,
  title   = {pupix/Rift-Explorer: {\fontspec{Noto Emoji}\char"1F6E0}Explore the API of the League of Legends Client},
  url     = {https://github.com/pupix/rift-explorer},
  journal = {GitHub},
  author  = {pupix}
}

@online{hextech-docs,
  title   = {hextech-docs/LCU-explorer: Rift-explorer replacement from the original contributors},
  url     = {https://github.com/hextech-docs/lcu-explorer},
  journal = {GitHub},
  author  = {hextech-docs}
}

@online{lol-esports-2023,
  url     = {https://lolesports.com/article/dev-diary-win-probability-powered-by-aws-at-worlds/blt403ee07f98e2e0fc},
  journal = {Lol Esports},
  year    = {2023},
  month   = {8}
}

@online{record,
  title   = {Java-S12138/record: It is an application that query lol match.},
  url     = {https://github.com/Java-S12138/Record},
  journal = {GitHub},
  author  = {Java-S12138}
}

@online{floh22,
  title   = {Floh22/Leaguebroadcast: League of Legends Spectate Overlay Tools},
  url     = {https://github.com/floh22/LeagueBroadcast},
  journal = {GitHub},
  author  = {floh22}
}

@online{wikipedia-2024-lol,
  title     = {League of Legends - Wikipedia},
  url       = {https://en.wikipedia.org/wiki/League_of_Legends},
  journal   = {Wikipedia},
  publisher = {Wikimedia Foundation},
  year      = {2024},
  month     = {3}
}

@online{wikipedia-2024-moba-map,
  title   = {File:Map of MOBA.svg - Wikimedia Commons},
  url     = {https://commons.wikimedia.org/wiki/File:Map_of_MOBA.svg},
  journal = {Wikimedia Commons},
  year    = {2023},
  month   = {7}
}

@article{jang-woo-kim-2022,
  title   = {Action2Score: An embedding approach to score player action},
  volume  = {6},
  doi     = {10.1145/3549483},
  number  = {CHI PLAY},
  journal = {Proceedings of the ACM on Human-Computer Interaction},
  author  = {Jang, Junho and Woo, Ji Young and Kim, Huy Kang},
  year    = {2022},
  month   = {10},
  pages   = {1-23}
} 

@article{do-wang-yu-mc-millian-mc-mahan-2021,
  title   = {Using machine learning to predict game outcomes based on player-champion experience in League of Legends},
  doi     = {10.1145/3472538.3472579},
  journal = {The 16th International Conference on the Foundations of Digital Games (FDG) 2021},
  author  = {Do, Tiffany D. and Wang, Seong Ioi and Yu, Dylan S. and McMillian, Matthew G. and McMahan, Ryan P.},
  year    = {2021},
  month   = {8}
}

@online{youtube-2023,
  title   = {WBG vs T1 - Game 2: Grand Finals Lol Worlds 2023},
  url     = {https://youtu.be/E9qdimf-DTc?t=1553},
  journal = {YouTube},
  year    = {2023},
  month   = {11}
}

@online{bilibili-2023,
  title   = {【S13资格赛】8月8日 EDG vs WBG},
  url     = {https://www.bilibili.com/video/BV1H14y1z7wk/?p=4&t=1963},
  journal = {Bilibili},
  year    = {2023},
  month   = {8}
}

@online{opgg-caitlyn-builds,
  title   = {Caitlyn Items - Best Item Builds with Highest Win Rate},
  url     = {https://www.op.gg/champions/caitlyn/items/adc},
  journal = {OP.GG}
}

@online{ray-2022,
  title     = {Getting started with the LCU API},
  url       = {https://hextechdocs.dev/getting-started-with-the-lcu-api/},
  journal   = {Hextechdocs},
  publisher = {Hextechdocs},
  author    = {Ray},
  year      = {2022},
  month     = {2}
}

@online{league-wiki-rune,
  title     = {Rune (League of Legends)},
  url       = {https://leagueoflegends.fandom.com/wiki/Rune_(League_of_Legends)},
  journal   = {League of Legends Wiki},
  publisher = {Fandom, Inc.},
  author    = {Contributors to League of Legends Wiki}
}

@online{league-wiki-champ-class,
  title     = {Champion classes},
  url       = {https://leagueoflegends.fandom.com/wiki/Champion_classes},
  journal   = {League of Legends Wiki},
  publisher = {Fandom, Inc.},
  author    = {Contributors to League of Legends Wiki}
}

@online{pytorch-lstm,
  title   = {LSTM - PyTorch 2.2 documentation},
  url     = {https://pytorch.org/docs/stable/generated/torch.nn.LSTM.html},
  journal = {LSTM - PyTorch 2.2 documentation}
}

@online{react,
  title   = {React},
  url     = {https://react.dev/},
  journal = {React}
}

@online{d3,
  title   = {D3 by Observable | The JavaScript library for bespoke data visualization},
  url     = {https://d3js.org/},
  journal = {D3 by Observable | The JavaScript library for bespoke data visualization}
}

@online{flask,
  title   = {Welcome to Flask - Flask Documentation (3.0.x)},
  url     = {https://flask.palletsprojects.com/en/3.0.x/},
  journal = {Welcome to Flask - Flask Documentation (3.0.x)}
}

@online{tauri,
  title   = {Build smaller, faster, and more secure desktop applications with a web frontend: Tauri Apps},
  url     = {https://tauri.app/},
  journal = {Tauri Apps RSS}
} 

@online{riot-api,
  title   = {Riot Developer Portal},
  url     = {https://developer.riotgames.com/apis},
  journal = {Riot Developer Portal}
}

@online{riot-lol-docs,
  title   = {Riot Developer Portal},
  url     = {https://developer.riotgames.com/docs/lol},
  journal = {Riot Developer Portal}
}

@online{rust,
  title   = {Rust Programming Language},
  url     = {https://www.rust-lang.org/},
  journal = {Rust Programming Language}
}

@online{type-script,
  title   = {JavaScript with syntax for types.},
  url     = {https://www.typescriptlang.org/},
  journal = {TypeScript}
}

@online{react-jsx,
  title   = {Writing markup with JSX},
  url     = {https://react.dev/learn/writing-markup-with-jsx},
  journal = {React}
}

@online{lol,
  title   = {League of Legends},
  url     = {https://www.leagueoflegends.com/},
  journal = {Leagueoflegends.com}
}

@online{word2vec,
  title     = {Word2vec - Wikipedia},
  url       = {https://en.wikipedia.org/wiki/Word2vec},
  journal   = {Wikipedia},
  publisher = {Wikimedia Foundation},
  year      = {2024},
  month     = {5}
}

@online{frank,
  title   = {Java-S12138/Frank: A Bran-new League of Legends Assistant Software, a replacement for WeGame.},
  url     = {https://github.com/Java-S12138/frank},
  journal = {GitHub},
  author  = {Java-S12138}
}

@online{reneleogp,
  title   = {Reneleogp/ML-prediction-LOL: In this project I implemented two machine learning algorithms to predicts the outcome of a league of legends game.},
  url     = {https://github.com/reneleogp/ML-Prediction-LoL},
  journal = {GitHub},
  author  = {Reneleogp}
}

@online{chinicz-2023,
  title     = {Practical machine learning with LOL: A simple predictive use-case with data collection, learning...},
  url       = {https://levelup.gitconnected.com/practical-machine-learning-with-lol-a-simple-predictive-use-case-with-data-collection-learning-c2b6e621df66},
  journal   = {Medium},
  publisher = {Level Up Coding},
  author    = {Chinicz, Rebeca},
  year      = {2023},
  month     = {12}
}

@article{junior-campelo-2023,
  title   = {League of Legends: Real-time result prediction},
  doi     = {10.21528/cbic2023-161},
  journal = {Anais do XVI Congresso Brasileiro de Inteligência Computacional},
  author  = {Junior, Jailson and Campelo, Cláudio},
  year    = {2023},
  month   = {12}
}

@online{ddragon,
  title   = {Data Dragon - Riot API Libraries documentation},
  url     = {https://riot-api-libraries.readthedocs.io/en/latest/ddragon.html},
  journal = {Data Dragon - Riot API Libraries documentation}
}

@online{lol-wiki-champ-mastery,
  title     = {Champion mastery},
  url       = {https://leagueoflegends.fandom.com/wiki/Champion_Mastery},
  journal   = {League of Legends Wiki},
  publisher = {Fandom, Inc.},
  author    = {Contributors to League of Legends Wiki}
}

@online{sklearn-logistic-regression,
  title   = {sklearn.linear\_model.LogisticRegression — scikit-learn 1.4.1 documentation},
  url     = {https://scikit-learn.org/stable/modules/generated/sklearn.linear_model.LogisticRegression.html},
  journal = {scikit}
}

@online{xgboost,
  title   = {XGBoost Documentation - xgboost 2.0.3 documentation},
  url     = {https://xgboost.readthedocs.io/en/stable/},
  journal = {XGBoost Documentation - xgboost 2.0.3 documentation}
} 